@article{jimenezarquitectura,
  title={Arquitectura para la planeaci{\'o}n de trayectoria de vuelo de un dron},
  author={Jim{\'e}nez, Omar Francisco Garc{\'\i}a and Encinas, Mar{\'\i}a Trinidad Serna and Valencia, Guillermo and Palomo, C{\'e}sar Enrique Rose G{\'o}mez and Castro, Ana Luisa Mill{\'a}n},
  journal={Su objetivo principal es difundir los avances en investigaci{\'o}n a nivel posgrado y licenciatura en diversas {\'a}reas de la ingenier{\'\i}a, realizados en las instituciones de educaci{\'o}n superior del estado de Sonora. Los art{\'\i}culos son sometidos a un proceso de arbitraje, por lo que su contenido es responsabilidad exclusiva de sus autores, y no representa},
  pages={158}
}

@phdthesis{ruiperez2016diseno,
  title={Dise{\~n}o y fabricaci{\'o}n de un dron mediante impresi{\'o}n 3D},
  author={RUIP{\'E}REZ MART{\'I}N, PABLO},
  year={2016}
}
